@inproceedings{radhika2019,
  title={A comparative study of lung cancer detection using machine learning algorithms},
  author={Radhika, PR and Nair, Rakhi AS and Veena, G},
  booktitle={2019 IEEE International Conference on Electrical, Computer and Communication Technologies (ICECCT)},
  pages={1-4},
  year={2019},
  organization={IEEE},
  url = {https://ieeexplore.ieee.org/document/8869001}
}

@article{gupta2022,
  title={A Study On Prediction Of Lung Cancer Using Machine Learning Algorithms},
  author={Gupta, Abhishek and Zuha, Zuha and Ahmad, Israr and Ansari, Zeeshan},
  year={2022},
  publisher={Research Square},
  url={https://assets.researchsquare.com/files/rs-1912967/v1/ac1cbf13-38d8-4c03-906b-e7264dc4a823.pdf?c=1662250457},
}

@misc{philippineStatisticsAuthority2021, 
  author={{Philippine Statistics Authority}},
  title={Highlights of the Population Density of the Philippines 2020 Census of Population and Housing (2020 CPH)}, 
  journal={Philippine Statistics Authority}, 
  year={2021},
  url={https://psa.gov.ph/content/highlights-population-density-philippines-2020-census-population-and-housing-2020-cph}
} 

@misc{cancerResearchUK2019,
  author={{Cancer Research UK}},
  title={Lung cancer},
  journal={Cancer Research UK},
  year={2019},
  url={https://www.cancerresearchuk.org/about-cancer/lung-cancer}
}

@misc{doh2021,
  author={{Department of Health}},
  title={DOH LEADS NATIONAL LUNG CANCER AWARENESS MONTH, FREE MEDICINES AVAILABLE NATIONWIDE},
  publisher={DOH},
  year={2021},
  url={https://doh.gov.ph/press-release/DOH-LEADS-NATIONAL-LUNG-CANCER-AWARENESS-MONTH-FREE-MEDICINES-AVAILABLE-NATIONWIDE}
}

@misc{macrotrends2022,
  author={{MacroTrends LLC}},
  title={Philippines Smoking Rate 2000-2022},
  publisher={Macrotrends},
  year={2022},
  url={https://www.macrotrends.net/countries/PHL/philippines/smoking-rate-statistics}
}
  
@misc{IQAir2022,
  author={{IQAir}},
  title={Manila Air Quality Index (AQI) and Philippines Air Pollution},
  publisher={IQAir},
  year={2022},
  url={https://www.iqair.com/philippines/ncr/manila}
}

@misc{devastator2022,
  author={{The Devastator}},
  title={Lung Cancer Prediction},
  publisher={Kaggle},
  year={2022},
  url={https://www.kaggle.com/datasets/thedevastator/cancer-patients-and-air-pollution-a-new-link}
}